@article{Flasar2004,
  title={Exploring the Saturn system in the thermal infrared: The composite infrared spectrometer},
  author={Flasar, F Michael and Kunde, Virgil G and Abbas, Mian M and Achterberg, Richard K and Ade, Peter and Barucci, A and B{\'e}zard, Bruno and Bjoraker, Gordon L and Brasunas, JC and Calcutt, Simon and others},
  journal={The Cassini-Huygens Mission: Orbiter Remote Sensing Investigations},
  pages={169--297},
  year={2004},
  publisher={Springer}
}
@article{Flasar2005,
  title={Temperatures, winds, and composition in the Saturnian system},
  author={Flasar, FM and Achterberg, Richard K and Conrath, Barney J and Pearl, John C and Bjoraker, Gordon L and Jennings, Donald E and Romani, Paul N and Simon-Miller, Amy A and Kunde, Virgil G and Nixon, Conor A and others},
  journal={science},
  volume={307},
  number={5713},
  pages={1247--1251},
  year={2005},
  publisher={American Association for the Advancement of Science}
}
@article{Fletcher2007,
  title={Characterising Saturn's vertical temperature structure from Cassini/CIRS},
  author={Fletcher, LN and Irwin, PGJ and Teanby, NA and Orton, GS and Parrish, PD and de Kok, R and Howett, C and Calcutt, SB and Bowles, N and Taylor, FW},
  journal={Icarus},
  volume={189},
  number={2},
  pages={457--478},
  year={2007},
  publisher={Elsevier}
}
@article{Fletcher2018,
  title={A hexagon in Saturnâ€™s northern stratosphere surrounding the emerging summertime polar vortex},
  author={Fletcher, LN and Orton, GS and Sinclair, JA and Guerlet, S and Read, PL and Antu{\~n}ano, A and Achterberg, RK and Flasar, FM and Irwin, PGJ and Bjoraker, GL and others},
  journal={Nature communications},
  volume={9},
  number={1},
  pages={3564},
  year={2018},
  publisher={Nature Publishing Group UK London}
}
@article{Fouchet2009,
  title={Saturn: composition and chemistry},
  author={Fouchet, Thierry and Moses, Julianne I and Conrath, Barney J},
  journal={Saturn from Cassini-Huygens},
  pages={83--112},
  year={2009},
  publisher={Springer}
}
@article{Fraine2013,
  title={Spitzer transits of the super-Earth GJ1214b and implications for its atmosphere},
  author={Fraine, Jonathan D and Deming, Drake and Gillon, Micha{\"e}l and Jehin, Emmanu{\"e}l and Demory, Brice-Olivier and Benneke, Bjoern and Seager, Sara and Lewis, Nikole K and Knutson, Heather and D{\'e}sert, Jean-Michel},
  journal={The Astrophysical Journal},
  volume={765},
  number={2},
  pages={127},
  year={2013},
  publisher={IOP Publishing}
}
@article{Koskinen2018,
  title={Atmospheric structure and helium abundance on Saturn from Cassini/UVIS and CIRS observations},
  author={Koskinen, TT and Guerlet, S},
  journal={Icarus},
  volume={307},
  pages={161--171},
  year={2018},
  publisher={Elsevier}
}
@inproceedings{Merritt2019,
  title={USING CASSINI VIMS STELLAR OCCULTATIONS TO INVESTIGATE GEOSTROPHIC WINDS IN SATURN'S STRATOSPHERE},
  author={Merritt, Nicholas I and Nicholson, Philip D},
  booktitle={American Astronomical Society Meeting Abstracts\# 233},
  volume={233},
  pages={255--10},
  year={2019}
}
@article{Moses2005,
  title={Latitudinal and seasonal models of stratospheric photochemistry on Saturn: Comparison with infrared data from IRTF/TEXES},
  author={Moses, JI and Greathouse, TK},
  journal={Journal of Geophysical Research: Planets},
  volume={110},
  number={E9},
  year={2005},
  publisher={Wiley Online Library}
}
@article{Orton2005,
  title={Saturn's temperature field from high-resolution middle-infrared imaging},
  author={Orton, GS and Yanamandra-Fisher, PA},
  journal={Science},
  volume={307},
  number={5710},
  pages={696--698},
  year={2005},
  publisher={American Association for the Advancement of Science}
}
@article{Strobel1969,
  title={The photochemistry of methane in the jovian atmosphere},
  author={Strobel, Darell F},
  journal={Journal of Atmospheric Sciences},
  volume={26},
  number={5},
  pages={906--911},
  year={1969}
}
